@article{SBN-Paper,
   title={The Short-Baseline Neutrino Program at Fermilab},
   volume={69},
   ISSN={1545-4134},
   url={http://dx.doi.org/10.1146/annurev-nucl-101917-020949},
   DOI={10.1146/annurev-nucl-101917-020949},
   number={1},
   journal={Annual Review of Nuclear and Particle Science},
   publisher={Annual Reviews},
   author={Machado, Pedro A.N. and Palamara, Ornella and Schmitz, David W.},
   year={2019},
   month=oct, pages={363–387} 
}
    
@techreport{LArTPC-Paper,
      author        = "Rubbia, Carlo",
      title         = "{The liquid-argon time projection chamber: a new concept
                       for neutrino detectors}",
      institution   = "CERN",
      reportNumber  = "CERN-EP-INT-77-8",
      address       = "Geneva",
      year          = "1977",
      url           = "https://cds.cern.ch/record/117852",
}

@image{neutrino-beam, 
    title={How to make a neutrino beam}, 
    url={https://www.fnal.gov/pub/today/archive/archive_2014/today14-12-11_NutshellReadMore.html}, 
    journal={Fermilab}, 
    publisher={Fermilab}, 
    author={Miceli, Tia}, 
    year={2014}, 
    month={Dec}
} 

@image{sbn-diagram, 
    title={Short-Baseline Neutrino Program at Fermilab},
    url={https://vms.fnal.gov/asset/detail?recid=1962973}, 
    journal={Fermilab}, 
    publisher={Fermilab}, 
    year={2019}, 
    month={Jun}
} 

@article{neutrino-oscillations,
   title={Neutrino Oscillations},
   volume={2014},
   ISSN={1687-7365},
   url={http://dx.doi.org/10.1155/2014/191960},
   DOI={10.1155/2014/191960},
   journal={Advances in High Energy Physics},
   publisher={Hindawi Limited},
   author={Bellini, G. and Ludhova, L. and Ranucci, G. and Villante, F. L.},
   year={2014},
   pages={1–28} }

@article{neutrino-snowmass,
      title={Low-Energy Physics in Neutrino LArTPCs}, 
      author={D. Caratelli and W. Foreman and A. Friedland and S. Gardiner and I. Gil-Botella and G. Karagiorgi and M. Kirby and G. Lehmann Miotto and B. R. Littlejohn and M. Mooney and J. Reichenbacher and A. Sousa and K. Scholberg and J. Yu and T. Yang and S. Andringa and J. Asaadi and T. J. C. Bezerra and F. Capozzi and F. Cavanna and E. Church and A. Himmel and T. Junk and J. Klein and I. Lepetic and S. Li and P. Sala and H. Schellman and M. Sorel and J. Wang and M. H. L. S. Wang and W. Wu and J. Zennamo and M. A. Acero and M. R. Adames and H. Amar and D. A. Andrade and C. Andreopoulos and A. M. Ankowski and M. A. Arroyave and V. Aushev and M. A. Ayala-Torres and P. Baldi and C. Backhouse and A. B. Balantekin and W. A. Barkhouse and P. Barham Alzas and J. L. Barrow and J. B. R. Battat and M. C. Q. Bazetto and J. F. Beacom and B. Behera and G. Bellettini and J. Berger and A. T. Bezerra and J. Bian and B. Bilki and B. Bles and T. Bolton and L. Bomben and M. Bonesini and C. Bonilla-Diaz and F. Boran and A. N. Borkum and N. Bostan and D. Brailsford and A. Branca and G. Brunetti and T. Cai and A. Chappell and N. Charitonidis and P. H. P. Cintra and E. Conley and T. E. Coan and P. Cova and L. M. Cremaldi and J. I. Crespo-Anadon and C. Cuesta and R. Dallavalle and G. S. Davies and S. De and P. Dedin Neto and M. Delgado and N. Delmonte and P. B. Denton and A. De Roeck and R. Dharmapalan and Z. Djurcic and F. Dolek and S. Doran and R. Dorrill and K. E. Duffy and B. Dutta and O. Dvornikov and S. Edayath and J. J. Evans and A. C. Ezeribe and A. Falcone and M. Fani and J. Felix and Y. Feng and L. Fields and P. Filip and G. Fiorillo and D. Franco and D. Garcia-Gamez and A. Giri and O. Gogota and S. Gollapinni and M. Goodman and E. Gramellini and R. Gran and P. Granger and C. Grant and S. E. Greenberg and M. Groh and R. Guenette and D. Guffanti and D. A. Harris and A. Hatzikoutelis and K. M. Heeger and M. Hernandez Morquecho and K. Herner and J. Ho and P C. Holanda and N. Ilic and C. M. Jackson and W. Jang and H. -Th. Janka and J. H. Jo and F. R. Joaquim and R. S. Jones and N. Jovancevic and Y. -J. Jwa and D. Kalra and D. M. Kaplan and I. Katsioulas and E. Kearns and K. J. Kelly and E. Kemp and W. Ketchum and A. Kish and L. W. Koerner and T. Kosc and K. Kothekar and I. Kreslo and S. Kubota and V. A. Kudryavtsev and P. Kumar and T. Kutter and J. Kvasnicka and I. Lazanu and T. LeCompte and Y. Li and Y. Liu and M. Lokajicek and W. C. Louis and K. B. Luk and X. Luo and P. A. N. Machado and I. M. Machulin and K. Mahn and M. Man and R. C. Mandujano and J. Maneira and A. Marchionni and D. Marfatia and F. Marinho and C. Mariani and C. M. Marshall and F. Martinez Lopez and D. A. Martinez Caicedo and A. Mastbaum and M. Matheny and N. McConkey and P. Mehta and O. E. B. Messer and A. Minotti and O. G. Miranda and P. Mishra and I. Mocioiu and A. Mogan and R. Mohanta and T. Mohayai and C. Montanari and L. M. Montano Zetina and A. F. Moor and D. Moretti and C. A. Moura and L. M. Mualem and J. Nachtman and S. Narita and A. Navrer-Agasson and M. Nebot-Guinot and J. Nikolov and J. A. Nowak and J. P. Ochoa-Ricoux and E. O'Connor and Y. Onel and Y. Onishchuk and G. D. Orebi Gann and V. Pandey and E. G. Parozzi and S. Parveen and M. Parvu and R. B. Patterson and L. Paulucci and V. Pec and S. J. M. Peeters and F. Pompa and N. Poonthottathil and S. S. Poudel and F. Psihas and A. Rafique and B. J. Ramson and J. S. Real and A. Rikalo and M. Ross-Lonergan and B. Russell and S. Sacerdoti and N. Sahu and D. A. Sanders and D. Santoro and M. V. Santos and C. R. Senise Jr. au2 and P. N. Shanahan and H. R Sharma and R. K. Sharma and W. Shi and S. Shin and J. Singh and J. Singh and L. Singh and P. Singh and V. Singh and M. Soderberg and S. Soldner-Rembold and J. Soto-Oton and K. Spurgeon and A. F. Steklain and F. Stocker and T. Stokes and J. Strait and M. Strait and T. Strauss and L. Suter and R. Svoboda and A. M. Szelc and M. Szydagis and E. Tarpara and E. Tatar and F. Terranova and G. Testera and N. Chithirasree and N. Todorovic and A. Tonazzo and M. Torti and F. Tortorici and M. Toups and D. Q. Tran and M. Travar and Y. -D. Tsai and Y. -T. Tsai and S. Z. Tu and J. Urheim and H. Utaegbulam and S. Valder and G. A. Valdiviesso and R. Valentim and S. Vergani and B. Viren and A. Vranicar and B. Wang and D. Waters and P. Weatherly and M. Weber and H. Wei and S. Westerdale and L. H. Whitehead and D. Whittington and A. Wilkinson and R. J. Wilson and M. Worcester and K. Wresilo and B. Yaeggy and G. Yang and J. Zalesak and B. Zamorano and J. Zuklin},
      year={2022},
      eprint={2203.00740},
      archivePrefix={arXiv},
      primaryClass={physics.ins-det}
}

@conference{ichep2018,
    title        = {The Short-Baseline Neutrino Program at Fermilab},
    author       = {Diego Garcia Gamez},
    year         = 2018,
    month        = {July},
    booktitle    = {International Conference on High-Energy Physics},
    address      = {Seoul, South Korea},
    organization = {International Union of Pure and Applied Physics}
}

@article{LArTPC,
    author = {Abi, B. and Acciarri, R. and Acero, Mario and Adamov, G. and Adams, Dianna and Adinolfi, M. and Ahmad, Z. and Ahmed, Jawaira and Alion, T. and Alonso Monsalve, Saúl and Alt, C. and Anderson, J. and Andreopoulos, Costas and Andrews, M. and Andrianala, F. and Andringa, S. and Ankowski, A. and Antonova, M. and Antusch, S. and Zwaska, R.},
    year = {2020},
    month = {08},
    pages = {T08008-T08008},
    title = {Volume I. Introduction to DUNE},
    volume = {15},
    journal = {Journal of Instrumentation},
    doi = {10.1088/1748-0221/15/08/T08008}
}